<record><leader>00000cas a2200000 a 4500</leader><controlfield tag="001">70888579</controlfield><controlfield tag="006">m     o  d        </controlfield><controlfield tag="007">cr bnu||||||||</controlfield><controlfield tag="008">060814d18061807nyuwr nso     0    0eng c</controlfield><datafield ind1=" " ind2=" " tag="010"><subfield code="a">  2006255335</subfield></datafield><datafield ind1=" " ind2=" " tag="040"><subfield code="a">APSON</subfield><subfield code="b">eng</subfield><subfield code="c">APSON</subfield><subfield code="d">ZCU</subfield><subfield code="d">AMHNW</subfield><subfield code="d">OCLCQ</subfield><subfield code="d">OCLCF</subfield><subfield code="d">OCLCQ</subfield></datafield><datafield ind1=" " ind2=" " tag="019"><subfield code="a">70888005</subfield><subfield code="a">70888024</subfield><subfield code="a">70888077</subfield></datafield><datafield ind1=" " ind2=" " tag="042"><subfield code="a">pcc</subfield></datafield><datafield ind1=" " ind2=" " tag="043"><subfield code="a">n-us-ny</subfield></datafield><datafield ind1="1" ind2="4" tag="050"><subfield code="a">JK2301</subfield></datafield><datafield ind1="0" ind2=" " tag="130"><subfield code="a">Weekly inspector (Online)</subfield></datafield><datafield ind1="1" ind2="4" tag="245"><subfield code="a">The Weekly inspector.</subfield></datafield><datafield ind1=" " ind2=" " tag="260"><subfield code="a">New York :</subfield><subfield code="b">[Hopkins &amp; Seymour],</subfield><subfield code="c">1806-1807.</subfield></datafield><datafield ind1=" " ind2=" " tag="310"><subfield code="a">Weekly</subfield></datafield><datafield ind1=" " ind2=" " tag="336"><subfield code="a">text</subfield><subfield code="b">txt</subfield><subfield code="2">rdacontent</subfield></datafield><datafield ind1=" " ind2=" " tag="337"><subfield code="a">computer</subfield><subfield code="b">c</subfield><subfield code="2">rdamedia</subfield></datafield><datafield ind1=" " ind2=" " tag="338"><subfield code="a">online resource</subfield><subfield code="b">cr</subfield><subfield code="2">rdacarrier</subfield></datafield><datafield ind1="0" ind2=" " tag="362"><subfield code="a">Vol. 1, no. 1 (Aug. 30, 1806)-v. 2, no. 52 (Aug. 22, 1807).</subfield></datafield><datafield ind1=" " ind2=" " tag="500"><subfield code="a">Title from PDF cover (Proquest, viewed Aug. 31, 2006).</subfield></datafield><datafield ind1=" " ind2=" " tag="500"><subfield code="a">"We propose to render the Weekly inspector a vehicle of intelligence, which shall be principally devoted to the political interests of our country."</subfield></datafield><datafield ind1=" " ind2=" " tag="500"><subfield code="a">"The 'inevitable hour' which speedily overtakes, in Columbia's happy land, every publication which aspires to any character for literature, science, or general information, above that of a common daily advertising newspaper, has put a period to the Weekly inspector."</subfield></datafield><datafield ind1=" " ind2=" " tag="500"><subfield code="a">Editor: Thomas Green Fessenden, 1806-1807.</subfield></datafield><datafield ind1=" " ind2=" " tag="515"><subfield code="a">This weekly changes volume number in Feb. 28, 1807, but continues the issue numbers.</subfield></datafield><datafield ind1=" " ind2=" " tag="520"><subfield code="a">"This little eight-page magazine was devoted principally to politics and promoted the Federalist viewpoint. It published editorials, abstracts of foreign and domestic news, miscellaneous sketches of a literary and scientific nature, brief book reviews, and some poetry" Cf. American periodicals, 1741-1900.</subfield></datafield><datafield ind1=" " ind2=" " tag="530"><subfield code="a">Also issued in print and on microfilm.</subfield></datafield><datafield ind1=" " ind2=" " tag="538"><subfield code="a">Mode of access: World Wide Web.</subfield></datafield><datafield ind1=" " ind2="0" tag="651"><subfield code="a">New York (N.Y.)</subfield><subfield code="v">Newspapers.</subfield></datafield><datafield ind1=" " ind2="0" tag="651"><subfield code="a">New York County (N.Y.)</subfield><subfield code="v">Newspapers.</subfield></datafield><datafield ind1=" " ind2="7" tag="651"><subfield code="a">New York (State)</subfield><subfield code="z">New York.</subfield><subfield code="2">fast</subfield><subfield code="0">(OCoLC)fst01204333</subfield></datafield><datafield ind1=" " ind2="7" tag="651"><subfield code="a">New York (State)</subfield><subfield code="z">New York County.</subfield><subfield code="2">fast</subfield><subfield code="0">(OCoLC)fst01234953</subfield></datafield><datafield ind1=" " ind2="7" tag="655"><subfield code="a">Newspapers.</subfield><subfield code="2">fast</subfield><subfield code="0">(OCoLC)fst01423814</subfield></datafield><datafield ind1="1" ind2=" " tag="700"><subfield code="a">Fessenden, Thomas Green,</subfield><subfield code="d">1771-1837.</subfield></datafield><datafield ind1=" " ind2=" " tag="752"><subfield code="a">United States</subfield><subfield code="b">New York</subfield><subfield code="c">New York</subfield><subfield code="d">New York.</subfield></datafield><datafield ind1="1" ind2=" " tag="776"><subfield code="t">Weekly inspector</subfield><subfield code="w">(DLC)sn 84021943</subfield><subfield code="w">(OCoLC)1769545</subfield></datafield><datafield ind1="4" ind2="0" tag="856"><subfield code="u">http://proquest.umi.com/pqdweb?RQT=318&amp;VName=HNP&amp;pmid=42418</subfield></datafield><datafield ind1="4" ind2="0" tag="856"><subfield code="u">http://infoweb.newsbank.com/?db=EANX&amp;s_browseRef=decades/10CF9AE40077C040/all.xml</subfield></datafield><datafield ind1="1" ind2=" " tag="029"><subfield code="a">AU@</subfield><subfield code="b">000040735633</subfield></datafield></record>